@Manual{dcolumn, TITLE={The dcolumn package},
AUTHOR={David Carlisle},
MONTH={septiembre},
YEAR={1999}}

@Manual{multirow, TITLE={multirow.sty - Span multiple rows of a table},
AUTHOR={Jerry Leichter and Piet van Oostrum}}

@Manual{colortbl, TITLE={The colortbl package},
AUTHOR={David Carlisle},
MONTH={mayo},
YEAR={1998}}

@Manual{rotating, TITLE={Rotating Text, Tabulars and Images},
AUTHOR={Herbert Vob},
MONTH={marzo},
YEAR={2007}}

@Manual{graphicx, TITLE={Packages in the graphics bundle},
AUTHOR={David Carlisle},
MONTH={noviembre},
YEAR={2005}}

@Manual{longtable, TITLE={The longtable package},
AUTHOR={David Carlisle},
MONTH={noviembre},
YEAR={1996}}

@Manual{tabularx, TITLE={The tabularx package},
AUTHOR={David Carlisle},
MONTH={enero},
YEAR={1999}}

@Manual{tabulary, TITLE={The tabulary package},
AUTHOR={David Carlisle},
MONTH={septiembre},
YEAR={2003}}

@Manual{booktabs, TITLE={Publication quality tables in \LaTeX},
AUTHOR={Simon Fear},
MONTH={abril},
YEAR={2005}}

@Manual{aspecto,TITLE={\LaTeX Tutorials, A PRIMER},
AUTHOR={Indian TEX Users Group},
MONTH={septiembre},
YEAR={2003}}